@book{johnstone2,
author="Johnstone, Peter",
editor="Aull, C. E. and Lowen, R.",
title="Elements of the History of Locale Theory",
bookTitle="Handbook of the History of General Topology",
year="2001",
publisher="Springer Netherlands",
address="Dordrecht",
pages="835--851",
isbn="978-94-017-0470-0",
doi="10.1007/978-94-017-0470-0_2",
url="https://doi.org/10.1007/978-94-017-0470-0_2"
}

@book{sketches,
      author        = "Johnstone, Peter T",
      title         = "Sketches of an elephant: a Topos theory compendium",
      publisher     = "Oxford Univ. Press",
      address       = "New York, NY",
      series        = "Oxford logic guides",
      year          = "2002",
}
@book{maclane,
      author        = "MacLane, Saunders and Moerdijk, Ieke",
      title         = "Sheaves in geometry and logic: a first introduction to topos theory",
      publisher     = "Springer",
      address       = "Berlin",
      series        = "Universitext",
      year          = "1992",
      doi           = "10.1007/978-1-4612-0927-0",
}
@misc{rute,
      title={On the close interaction between algorithmic randomness and constructive/computable measure theory}, 
      author={Jason Rute},
      year={2019},
      eprint={1812.03375},
      archivePrefix={arXiv},
      primaryClass={math.LO}
}
@article{johnstone1983,
author = "Johnstone, Peter T.",
fjournal = "Bulletin (New Series) of the American Mathematical Society",
journal = "Bull. Amer. Math. Soc. (N.S.)",
month = "01",
number = "1",
pages = "41--53",
publisher = "American Mathematical Society",
title = "The point of pointless topology",
url = "https://projecteuclid.org:443/euclid.bams/1183550014",
volume = "8",
year = "1983"
}

@article{simpson,
title = "Measure, randomness and sublocales",
journal = "Annals of Pure and Applied Logic",
volume = "163",
number = "11",
pages = "1642 - 1659",
year = "2012",
note = "Kurt Goedel Research Prize Fellowships 2010",
issn = "0168-0072",
doi = "https://doi.org/10.1016/j.apal.2011.12.014",
url = "http://www.sciencedirect.com/science/article/pii/S0168007211001874",
author = "Alex Simpson",
keywords = "Locale theory, Foundations of measure theory, Foundations of probability theory",
}

@book{NiesAndre2009CaR,
publisher = {Oxford University Press},
series = {Oxford Logic Guides},
title = {Computability and Randomness},
author = {Nies, Andr√©},
address = {Oxford},
booktitle = {Computability and Randomness},
isbn = {9780199230761},
keywords = {Logic},
language = {eng},
year = {2009},
}

@InCollection{sep-chance-randomness,
	author       =	{Eagle, Antony},
	title        =	{{Chance versus Randomness}},
	booktitle    =	{The {Stanford} Encyclopedia of Philosophy},
	editor       =	{Edward N. Zalta},
	url =	{https://plato.stanford.edu/archives/spr2019/entries/chance-randomness},
	year         =	{2019},
	edition      =	{Spring 2019},
	publisher    =	{Metaphysics Research Lab, Stanford University}
}
